% Encoding: UTF-8

@Book{,
  author    = {Гинзбург Л. С.},
  title     = {История виолончельного искусства},
  year      = {1965},
  volume    = {3},
  volumes   = {в 4-х кн.},
  publisher = {Музыка},
  address  = {М.},
}

@Book{ginzburg:1,
  author    = {Гинзбург Л. С.},
  title     = {История виолончельного искусства},
  year      = {1957},
  volume    = {2},
  volumes   = {в 4-х кн.},
  publisher = {Музгиз},
  pagetotal  = {581},
  address  = {М.},
}

@Book{ginzburg:3,
  author    = {Гинзбург Л. С.},
  title     = {История виолончельного искусства},
  year      = {1965},
  volume    = {3},
  volumes   = {в 4-х кн.},
  publisher = {Музыка},
  address  = {М.},
}

@Book{ginzburg:4,
  author    = {Гинзбург Л. С.},
  title     = {История виолончельного искусства},
  year      = {1978},
  volume    = {3},
  volumes   = {в 4-х кн.},
  publisher = {Музыка},
  address  = {М.},
}

@Book{HistLit82,
  title        = {История русской литературы: В 4 т.},
  year         = {1982},
  language     = {russian},
  volume       = {3: Расцвет реализма},
  address      = {М.},
  pagetotal    = {876},
  organization = {АН СССР. Ин-т рус.~лит. (Пушкин.дом).},
}

@Book{Landau:eldin,
  author    = {Л. Д. Ландау and Е. М. Лифшиц},
  title     = {Теоретическая физика: учебное пособие в 10 т.},
  year      = {1992},
  language  = {russian},
  volume    = {VIII. Электродинамика сплошных сред},
  publisher = {Наука. Гл. ред. физ.-мат. лит.},
  edition  = {3-е, испр.},
  address   = {М.},
}

@Comment{jabref-meta: databaseType:biblatex;}
